==========================================================================
-*- BibTeX of L. Ling's publications-*-
    http://www.math.hkbu.edu.hk/~lling/publications.html
    Last modified on Oct 12, 2011
==========================================================================
    @preamble{ "\def\cprime{$'$} " }
    @string{aamm = {Adv. Appl. Math. Mech.}}
    @string{acm  = {Adv. Comput. Math}}
    @string{amc  = {Appl. Math. Compt. }}
    @string{cicp = {Commun. Comput. Phys.}}
    @string{caf  = {Comput. Fluids}}
    @string{cma  = {Comput. Math. Appl.}}
    @string{cmc  = {Comput. Materials  Continua}}
    @string{cmes = {Compt. Model. Eng. Sci.}}
    @string{csda = {Comput. Stats. Data Anal.}}
    @string{eabe = {Eng. Anal. Bound. Elem.}}
    @string{fmc  = {Front. Math. China}}
    @string{ijcm = {Int. J. Compt. Methods}}
    @string{ijnme= {Int. J. Numer. Methods Eng.}}
    @string{inpr = {Inverse Problems}}
    @string{ipse = {Inverse Probl. Sci. Eng.}}
    @string{jcam = {J. Comp. Appl. Math.}}
    @string{jcp  = {J. Comput. Phys.}}
    @string{mcm  = {Math. Compt. Modelling}}
    @string{sjna = {SIAM J. Numer. Anal.}}
    @string{sim  = {Stats. Medicine}}
==========================================================================
    Main articles
==========================================================================

